@book{Sukthankar2014,
	title={Plan, {Activity}, and {Intent} {Recognition}: {Theory} and {Practice}},
	isbn={0-12-398532-3},
	publisher={Morgan Kaufmann},
	author={Sukthankar, Gita and Goldman, Robert P. and Geib, Christopher and Pynadath, David V. and Bui, Hung},
	month=mar,
	year={2014},
	pages={82-88},
	keywords={Social Simulation},
    address={Burlington, Massachusetts},
}

@article{Dongha2011,
	year={2011},
	issn={2093-9868},
	journal={Biomedical Engineering Letters},
	volume={1},
	number={2},
	doi={10.1007/s13534-011-0021-z},
	title={Decoding brain states using functional magnetic resonance imaging},
	url={http://dx.doi.org/10.1007/s13534-011-0021-z},
	publisher={Korean Society of Medical and Biological Engineering},
	keywords={fMRI; Mind reading; Brain decoding; Neurofeedback; Real time fMRI},
	author={Lee, Dongha and Park, Bumhee and Jang, Changwon and Park, Hae-Jeong},
	pages={82-88},
	language={English}
}
